@article{shor2008estimating,
  title={Estimating Jones polynomials is a complete problem for one clean qubit},
  author={Shor, Peter W and Jordan, Stephen P},
  journal={Quantum Information \& Computation},
  volume={8},
  number={8},
  pages={681--714},
  year={2008},
  publisher={Rinton Press, Incorporated}
}

@book{nielsen2010quantum,
  title={Quantum computation and quantum information},
  author={Nielsen, Michael A and Chuang, Isaac L},
  year={2010},
  publisher={Cambridge university press}
}

@article{wegener1987complexity,
  title={The complexity of Boolean functions},
  author={Wegener, Ingo and Teubner, Ii and Ingo, Wegener and Ingo, Wegener and Ingo, Wegener},
  year={1987}
}

@inproceedings{ambainis2000computing,
  title={Computing with highly mixed states},
  author={Ambainis, Andris and Schulman, Leonard J and Vazirani, Umesh V},
  booktitle={Proceedings of the thirty-second annual ACM symposium on Theory of computing},
  pages={697--704},
  year={2000},
  organization={ACM}
}

